@online{oebb_zahlendatenfakten202223,
	author = "ÖBB",
	title = "Zahlen Daten Fakten 2022/23",
	note  = "https://konzern.oebb.at/dam/jcr:58b03a4f-07d2-46e0-ae40-4900fb5062b4/OEBB\_Zahlen\_2023-1\_web.pdf (accessed: 31.05.2023)",
}

@online{oebbinfra_zahlendatenfakten2022,
	author = "ÖBB-Infra",
	title = "Infra 2022 Zahlen Daten Fakten",
	note  = "https://infrastruktur.oebb.at/de/unternehmen/zahlen-daten-fakten/oebb-infra-zahlen-daten-fakten-folder-2022.pdf (accessed: 31.05.2023)",
}